@article{barbey,
    author = "S. Barbey and A. Strohmeier",
    title = "The problematics of testing object-oriented software",
    journal = "Swiss Federal Institute of Technology, Computer Science Department, Software Engineering Laboratory, EPFL-DI-LGL",
    year = 1994,
}

@article{perry,
    author = "Dewayne E. Perry and Gail E. Kaiser",
    title = "Adequate testing and object-oriented programming.",
    journal = "Journal of Object-Oriented Programming",
    year = 1990,
}

@article{claurence,
    author = "Clarence Tauro and Nagesswary Ganesan and Anupam Ghosh",
    title = "Testing Object-Oriented Software Systems: A Survey of Steps and Challenges",
    journal = "International Journal of Computer Applications",
    volume = "42", 
    year = 2012,
}

@article{gordon,
    author = "Jamie S. Gordon and Robert F. Roggio",
    title = "A Comparison of Software Testing Using the Object-Oriented Paradigm and Traditional Testing",
    journal = "Proceedings of the Conference for Information Systems Applied Research San Antonio, Texas, USA",
    volume = "67",
    year = 2013,
}

@article{hayes,
    author = "Hayes and Jane Huffman",
    title = "Testing of Object Oriented Programming Systems (OOPS): A Fault-Based Approach",
    journal = "Notes in Computer Science",
    volume = "858",
    year = 1994,
}

@article{yeresime,
    author = "Yeresime and Suresh and Pati Jayadeep, and Rath Santanu Ku",
    title = "Effectiveness of Software Metrics For Object-Oriented System",
    journal = "Procedia Technology, 2nd International Conference on Communication, Computing and Security",
    volume = "6",
    year = "n.d",
}

@article{chandra,
    author = "Chandra Mani Sharma and Rabins Porwal and Deepika Sharma",
    title = "Testing Object Oriented Software: Issues, State-of-theart and Future",
    journal = "Journal of Systems and Software",
    volume = "32",
    year = 2013
}

@article{gong,
    author = "H. Gong and J. Li",
    title = "“Generating Test Cases of ObjectOriented Software Based on EDPN and Its Mutant",
    journal = "9th International Conference for Young Computer
Scientists",
    year = 2008
}

@article{kung,
    author = "David C. Kung and Jerry Gao and Pei Hsia and Yasufumi Toyoshima, Cris Chen",
    title = "On Regression Testing of Object-Oriented Programs",
    journal = "Journal of Systems and Software",
    year = "1996",
    volume = "32",
    issue = "1"
}

@book{meziane,
    author = {Farid Meziane and Sunil Vadera},
    title = {Artificial Intelligence Applications for Improved Software Engineering Development: New Prospects},
    year = {2009},
    url = "http://usir.salford.ac.uk/id/eprint/2208/",
    doi = "10.4018/978-1-60566-758-4.ch014"
}

@article{wappler,
    author = {Wappler S. and Wegener J.},
    title = {Evolutionary unit testing of object-oriented software using strongly-typed genetic programming.},
    journal = "Proceedings of the Eighth Annual Conference on Genetic and Evolutionary Computation",
    year = {2006},
}

@article{briand,
    author = {Briand L. C. and Feng, J. and Labiche Y.},
    title = {Using genetic algorithms and coupling measures to devise optimal integration test orders},
    journal = "Proceedings of the Fourteenth International Conference on Software Engineering and Knowledge Engineering",
    year = {2002},
}

@article{feras,
    author = "Feras A. Batarseh and Abhinav Kumar and Rasika Mohod and Justin Bui",
    title = "Chapter 10: The Application of Artificial Intelligence in Software Engineering – A Review Challenging Conventional Wisdom",
    journal = "Nexus of Artificial Intelligence, Software Development, and Knowledge Engineering",
    year = 2021,
    url = "https://arxiv.org/abs/2108.01591"
}

@article{wyao,
    author = "Wyao Matcha and Fadel Touré and Mourad Badri and Linda Badri",
    title = "Using Deep Learning Classifiers to Identify Candidate Classes for Unit Testing in Object-Oriented Systems.",
    year = "n.d",
    DOI = "10.18293/SEKE2020-147"
}

@article{ciupa,
    author = "I. Ciupa and A. Pretschner and M. Oriol and A. Leitner and B. Meyer",
    title = "On the number and nature of faults found by random testing.",
    journal = "Special Issue:ICST 2008, the First IEEE International Conference on Software Testing, Verification and Validation",
    volume = "21",
    issue = "1",
    year = 2011,
    DOI =  "https://doi.org/10.1002/stvr.415"
}

@article{divya,
    author = "Divya Tanejaa and Rajvir Singhb and Ajmer Singhc and Himanshu Malik",
    title = "A Novel technique for test case minimization in object oriented
testing.",
    journal = "International Conference on Computational Intelligence and Data Science",
    year = 2019,
}

@article{andres,
	author = "Pablo Andrés Barrientos",
    title = "An Approach for Unit Testing in OOP Based on Random Object Generation",
    journal = "Computational Science and Its Applications",
    year = 2014,
    DOI = "https://doi.org/10.1007/978-3-319-09156-3_2"
}

@article{tao,
	author = "Tao Xie and Darko Marinov and Wolfram Schulte and David Notkin",
    title = "Symstra: A Framework for Generating Object-Oriented Unit Tests Using Symbolic Execution",
    journal = "Halbwachs, N., Zuck, L.D. (eds) Tools and Algorithms for the Construction and Analysis of Systems",
    year = 2005,
    DOI = "https://doi.org/10.1007/978-3-540-31980-1_24"
}

@article{bashir,
	author = "Bashir, I., Paul",
    title = "Object‐oriented integration testing",
    journal = "Annals of Software Engineering",
    year = 1999,
    DOI = "https://doi.org/10.1023/A:1018975313718"
}

@article{william,
	author = {William M. McKeeman},
    title = {Differential Testing for Software},
    journal = {DIGITAL TECHNICAL JOURNAL},
    year = {1998},
    volume = {10},
    number = {1},
    pages = {100--107}
}

@article{zubair,
	author = "Zubair Khaliq and Sheikh Umar Farooq and Dawood Ashraf Khan",
    title = "Artificial Intelligence in Software Testing : Impact, Problems, Challenges and Prospect",
    journal = "aUniversity of Kashmir",
    year = 2022,
    DOI = "https://doi.org/10.48550/arXiv.2201.05371"
}

@misc{quickcheck,
  title = {QuickCheck official page},
  howpublished = "\url{https://hackage.haskell.org/package/QuickCheck}",
}